@inproceedings{emon2020performance,
  title={Performance analysis of machine learning approaches in stroke prediction},
  author={Emon, Minhaz Uddin and Keya, Maria Sultana and Meghla, Tamara Islam and Rahman, Md Mahfujur and Al Mamun, M Shamim and Kaiser, M Shamim},
  booktitle={2020 4th international conference on electronics, communication and aerospace technology (ICECA)},
  pages={1464--1469},
  year={2020},
  organization={IEEE}
}

@misc{who2024stroke,
    title        = {World Stroke Day},
    author       = {{World Health Organization} and {Dr. Poonam Khetrapal Singh, WHO Regional Director for South-East Asia}},
    year         = {2021},
    url          = {https://www.who.int/southeastasia/news/detail/28-10-2021-world-stroke-day},
    note         = {Accessed: 27 November 2024},
    organization = {World Health Organization}
}

@misc{kaggleStrokePredictionDataset,
  title        = {Stroke Prediction Dataset},
  author       = {Soriano, Federico},
  year         = {2024},
  url          = {https://www.kaggle.com/datasets/fedesoriano/stroke-prediction-dataset},
  note         = {Accessed: 15 Oktober 2024},
  organization = {Kaggle}
}


@article{guhdar2023optimizing,
  title={Optimizing accuracy of stroke prediction using logistic regression},
  author={Guhdar, Mohammed and Melhum, Amera Ismail and Ibrahim, Alaa Luqman},
  journal={Journal of Technology and Informatics (JoTI)},
  volume={4},
  number={2},
  pages={41--47},
  year={2023}
}

@article{yang2021accurate,
  title={Accurate prediction of stroke for hypertensive patients based on medical big data and machine learning algorithms: retrospective study},
  author={Yang, Yujie and Zheng, Jing and Du, Zhenzhen and Li, Ye and Cai, Yunpeng and others},
  journal={JMIR Medical Informatics},
  volume={9},
  number={11},
  pages={e30277},
  year={2021},
  publisher={JMIR Publications Inc., Toronto, Canada}
}

@article{zhi2024exploration,
  title={An exploration on the machine-learning-based stroke prediction model},
  author={Zhi, Shenshen and Hu, Xiefei and Ding, Yan and Chen, Huajian and Li, Xun and Tao, Yang and Li, Wei},
  journal={Frontiers in Neurology},
  volume={15},
  pages={1372431},
  year={2024},
  publisher={Frontiers Media SA}
}

@article{boehme2017stroke,
  title={Stroke risk factors, genetics, and prevention},
  author={Boehme, Amelia K and Esenwa, Charles and Elkind, Mitchell SV},
  journal={Circulation research},
  volume={120},
  number={3},
  pages={472--495},
  year={2017},
  publisher={Am Heart Assoc}
}

@article{dev2022predictive,
  title={A predictive analytics approach for stroke prediction using machine learning and neural networks},
  author={Dev, Soumyabrata and Wang, Hewei and Nwosu, Chidozie Shamrock and Jain, Nishtha and Veeravalli, Bharadwaj and John, Deepu},
  journal={Healthcare Analytics},
  volume={2},
  pages={100032},
  year={2022},
  publisher={Elsevier}
}

@article{dritsas2022stroke,
  title={Stroke risk prediction with machine learning techniques},
  author={Dritsas, Elias and Trigka, Maria},
  journal={Sensors},
  volume={22},
  number={13},
  pages={4670},
  year={2022},
  publisher={MDPI}
}

@article{azam2020performance,
  title={Performance analysis of various machine learning approaches in stroke prediction},
  author={Azam, Md Shafiul and Habibullah, Md and Rana, H Kabir},
  journal={International Journal of Computer Applications},
  volume={175},
  number={21},
  pages={11--15},
  year={2020}
}

@article{holicza2023predicting,
  title={Predicting and comparing studentsâ€™ online and offline academic performance using machine learning algorithms},
  author={Holicza, Barnab{\'a}s and Kiss, Attila},
  journal={Behavioral Sciences},
  volume={13},
  number={4},
  pages={289},
  year={2023},
  publisher={MDPI}
}

@article{alotaibi2019implementation,
  title={Implementation of machine learning model to predict heart failure disease},
  author={Alotaibi, Fahd Saleh},
  journal={International Journal of Advanced Computer Science and Applications},
  volume={10},
  number={6},
  year={2019},
  publisher={Science and Information (SAI) Organization Limited}
}

@techreport{kemenkes2023stroke,
    title = {Laporan Nasional {RISKESDAS} 2023},
    author = {{Kementerian Kesehatan RI}},
    institution = {Badan Penelitian dan Pengembangan Kesehatan},
    year = {2023},
    address = {Jakarta, Indonesia},
    type = {Technical Report},
    note = {Riset Kesehatan Dasar 2023}
}

@article{strokepreventionstudy2022,
    title = {Prevention of stroke: a global perspective},
    author = {Feigin, Valery L and Brainin, Michael and Norrving, Bo and Gorelick, Philip B and Dichgans, Martin and Wang, Wenzhi and Pandian, Jeyaraj D and Martins, Sheila CO and Owolabi, Mayowa O and Wood, David A},
    journal = {The Lancet Neurology},
    volume = {21},
    number = {7},
    pages = {608--617},
    year = {2022},
    publisher = {Elsevier}
}

@article{zhang2023random,
  title={Random forest for high-dimensional data: Recent advances and future directions},
  author={Zhang, Haozhe and Wang, Xueying and Ma, Ping},
  journal={WIREs Data Mining and Knowledge Discovery},
  volume={13},
  number={3},
  pages={e1472},
  year={2023},
  publisher={Wiley Online Library}
}

@article{bhavsar2021comprehensive,
  title={A comprehensive review on medical diagnosis using machine learning},
  author={Bhavsar, Kaustubh Arun and Abugabah, Ahed and Singla, Jimmy and AlZubi, Ahmad Ali and Bashir, Ali Kashif and others},
  journal={Computers, Materials and Continua},
  volume={67},
  number={2},
  pages={1997},
  year={2021},
  publisher={Computers, Materials and Continua (Tech Science Press)}
}

@incollection{pisner2020support,
  title={Support vector machine},
  author={Pisner, Derek A and Schnyer, David M},
  booktitle={Machine learning},
  pages={101--121},
  year={2020},
  publisher={Elsevier}
}